@article{article,
author = {Nagpal, Shaveta and Kumar, Munish and Maruthi, · and Ayyagari, Rohit and Kumar, ·},
year = {2019},
month = {07},
pages = {},
title = {A Survey of Deep Learning and Its Applications: A New Paradigm to Machine Learning},
journal = {Archives of Computational Methods in Engineering}
}

@misc{https://doi.org/10.48550/arxiv.1509.09292,
  doi = {10.48550/ARXIV.1509.09292},
  url = {https://arxiv.org/abs/1509.09292},
  author = {Duvenaud, David and Maclaurin, Dougal and Aguilera-Iparraguirre, Jorge and Gómez-Bombarelli, Rafael and Hirzel, Timothy and Aspuru-Guzik, Alán and Adams, Ryan P.},
  keywords = {Machine Learning (cs.LG), Neural and Evolutionary Computing (cs.NE), Machine Learning (stat.ML), FOS: Computer and information sciences, FOS: Computer and information sciences},
  title = {Convolutional Networks on Graphs for Learning Molecular Fingerprints},
  publisher = {arXiv},
  year = {2015},
  copyright = {Creative Commons Attribution 4.0 International}
}

@INPROCEEDINGS{9722614,  author={Yuan, Shunjie and Wang, Chao and Jiang, Qi and Ma, Jianfeng},  booktitle={2022 International Conference on Artificial Intelligence in Information and Communication (ICAIIC)},   title={Community Detection with Graph Neural Network using Markov Stability},   year={2022},  volume={},  number={},  pages={437-442},  doi={10.1109/ICAIIC54071.2022.9722614}}

@misc{https://doi.org/10.48550/arxiv.2109.12843,
  doi = {10.48550/ARXIV.2109.12843},
  
  url = {https://arxiv.org/abs/2109.12843},
  
  author = {Gao, Chen and Zheng, Yu and Li, Nian and Li, Yinfeng and Qin, Yingrong and Piao, Jinghua and Quan, Yuhan and Chang, Jianxin and Jin, Depeng and He, Xiangnan and Li, Yong},
  
  keywords = {Information Retrieval (cs.IR), FOS: Computer and information sciences, FOS: Computer and information sciences},
  
  title = {A Survey of Graph Neural Networks for Recommender Systems: Challenges, Methods, and Directions},
  
  publisher = {arXiv},
  
  year = {2021},
  
  copyright = {arXiv.org perpetual, non-exclusive license}
}

@misc{https://doi.org/10.48550/arxiv.2104.13478,
  doi = {10.48550/ARXIV.2104.13478},
  
  url = {https://arxiv.org/abs/2104.13478},
  
  author = {Bronstein, Michael M. and Bruna, Joan and Cohen, Taco and Veličković, Petar},
  
  keywords = {Machine Learning (cs.LG), Artificial Intelligence (cs.AI), Computational Geometry (cs.CG), Computer Vision and Pattern Recognition (cs.CV), Machine Learning (stat.ML), FOS: Computer and information sciences, FOS: Computer and information sciences},
  
  title = {Geometric Deep Learning: Grids, Groups, Graphs, Geodesics, and Gauges},
  
  publisher = {arXiv},
  
  year = {2021},
  
  copyright = {arXiv.org perpetual, non-exclusive license}
}

@misc{https://doi.org/10.48550/arxiv.1609.02907,
  doi = {10.48550/ARXIV.1609.02907},
  
  url = {https://arxiv.org/abs/1609.02907},
  
  author = {Kipf, Thomas N. and Welling, Max},
  
  keywords = {Machine Learning (cs.LG), Machine Learning (stat.ML), FOS: Computer and information sciences, FOS: Computer and information sciences},
  
  title = {Semi-Supervised Classification with Graph Convolutional Networks},
  
  publisher = {arXiv},
  
  year = {2016},
  
  copyright = {arXiv.org perpetual, non-exclusive license}
}

@misc{https://doi.org/10.48550/arxiv.1710.10903,
  doi = {10.48550/ARXIV.1710.10903},
  
  url = {https://arxiv.org/abs/1710.10903},
  
  author = {Veličković, Petar and Cucurull, Guillem and Casanova, Arantxa and Romero, Adriana and Liò, Pietro and Bengio, Yoshua},
  
  keywords = {Machine Learning (stat.ML), Artificial Intelligence (cs.AI), Machine Learning (cs.LG), Social and Information Networks (cs.SI), FOS: Computer and information sciences, FOS: Computer and information sciences},
  
  title = {Graph Attention Networks},
  
  publisher = {arXiv},
  
  year = {2017},
  
  copyright = {arXiv.org perpetual, non-exclusive license}
}

@inproceedings{
xu2018how,
title={How Powerful are Graph Neural Networks?},
author={Keyulu Xu and Weihua Hu and Jure Leskovec and Stefanie Jegelka},
booktitle={International Conference on Learning Representations},
year={2019},
url={https://openreview.net/forum?id=ryGs6iA5Km},
}

@INPROCEEDINGS{8436869,  author={Dlugosz, Zofia, Rafal},  booktitle={2018 25th International Conference "Mixed Design of Integrated Circuits and System" (MIXDES)},   title={Nonlinear Activation Functions for Artificial Neural Networks Realized in Hardware},   year={2018},  volume={},  number={},  pages={381-384},  doi={10.23919/MIXDES.2018.8436869}}

@article{McCallum2000,
  doi = {10.1023/a:1009953814988},
  url = {https://doi.org/10.1023/a:1009953814988},
  year = {2000},
  publisher = {Springer Science and Business Media {LLC}},
  volume = {3},
  number = {2},
  pages = {127--163},
  author = {Andrew Kachites McCallum and Kamal Nigam and Jason Rennie and Kristie Seymore},
  journal = {Information Retrieval}
}

@misc{https://doi.org/10.48550/arxiv.1910.12091,
  doi = {10.48550/ARXIV.1910.12091},
  
  url = {https://arxiv.org/abs/1910.12091},
  
  author = {Ivanov, Sergei and Sviridov, Sergei and Burnaev, Evgeny},
  
  keywords = {Machine Learning (cs.LG), Social and Information Networks (cs.SI), Machine Learning (stat.ML), FOS: Computer and information sciences, FOS: Computer and information sciences},
  
  title = {Understanding Isomorphism Bias in Graph Data Sets},
  
  publisher = {arXiv},
  
  year = {2019},
  
  copyright = {arXiv.org perpetual, non-exclusive license}
}

@misc{https://doi.org/10.48550/arxiv.2206.08164,
  doi = {10.48550/ARXIV.2206.08164},
  
  url = {https://arxiv.org/abs/2206.08164},
  
  author = {Dwivedi, Vijay Prakash and Rampášek, Ladislav and Galkin, Mikhail and Parviz, Ali and Wolf, Guy and Luu, Anh Tuan and Beaini, Dominique},
  
  keywords = {Machine Learning (cs.LG), FOS: Computer and information sciences, FOS: Computer and information sciences},
  
  title = {Long Range Graph Benchmark},
  
  publisher = {arXiv},
  
  year = {2022},
  
  copyright = {Creative Commons Attribution 4.0 International}
}

@misc{https://doi.org/10.48550/arxiv.1704.01212,
  doi = {10.48550/ARXIV.1704.01212},
  
  url = {https://arxiv.org/abs/1704.01212},
  
  author = {Gilmer, Justin and Schoenholz, Samuel S. and Riley, Patrick F. and Vinyals, Oriol and Dahl, George E.},
  
  keywords = {Machine Learning (cs.LG), FOS: Computer and information sciences, FOS: Computer and information sciences, I.2.6},
  
  title = {Neural Message Passing for Quantum Chemistry},
  
  publisher = {arXiv},
  
  year = {2017},
  
  copyright = {arXiv.org perpetual, non-exclusive license}
}

@misc{https://doi.org/10.48550/arxiv.2006.05205,
  doi = {10.48550/ARXIV.2006.05205},
  
  url = {https://arxiv.org/abs/2006.05205},
  
  author = {Alon, Uri and Yahav, Eran},
  
  keywords = {Machine Learning (cs.LG), Machine Learning (stat.ML), FOS: Computer and information sciences, FOS: Computer and information sciences},
  
  title = {On the Bottleneck of Graph Neural Networks and its Practical Implications},
  
  publisher = {arXiv},
  
  year = {2020},
  
  copyright = {arXiv.org perpetual, non-exclusive license}
}

@inproceedings{NEURIPS2021_b4fd1d2c,
 author = {Kreuzer, Devin and Beaini, Dominique and Hamilton, Will and L\'{e}tourneau, Vincent and Tossou, Prudencio},
 booktitle = {Advances in Neural Information Processing Systems},
 editor = {M. Ranzato and A. Beygelzimer and Y. Dauphin and P.S. Liang and J. Wortman Vaughan},
 pages = {21618--21629},
 publisher = {Curran Associates, Inc.},
 title = {Rethinking Graph Transformers with Spectral Attention},
 url = {https://proceedings.neurips.cc/paper/2021/file/b4fd1d2cb085390fbbadae65e07876a7-Paper.pdf},
 volume = {34},
 year = {2021}
}

@misc{https://doi.org/10.48550/arxiv.2111.14522,
  doi = {10.48550/ARXIV.2111.14522},
  
  url = {https://arxiv.org/abs/2111.14522},
  
  author = {Topping, Jake and Di Giovanni, Francesco and Chamberlain, Benjamin Paul and Dong, Xiaowen and Bronstein, Michael M.},
  
  keywords = {Machine Learning (stat.ML), Machine Learning (cs.LG), FOS: Computer and information sciences, FOS: Computer and information sciences},
  
  title = {Understanding over-squashing and bottlenecks on graphs via curvature},
  
  publisher = {arXiv},
  
  year = {2021},
  
  copyright = {arXiv.org perpetual, non-exclusive license}
}

@misc{https://doi.org/10.48550/arxiv.1801.07606,
  doi = {10.48550/ARXIV.1801.07606},
  
  url = {https://arxiv.org/abs/1801.07606},
  
  author = {Li, Qimai and Han, Zhichao and Wu, Xiao-Ming},
  
  keywords = {Machine Learning (cs.LG), Machine Learning (stat.ML), FOS: Computer and information sciences, FOS: Computer and information sciences},
  
  title = {Deeper Insights into Graph Convolutional Networks for Semi-Supervised Learning},
  
  publisher = {arXiv},
  
  year = {2018},
  
  copyright = {arXiv.org perpetual, non-exclusive license}
}

@misc{https://doi.org/10.48550/arxiv.2006.13318,
  doi = {10.48550/ARXIV.2006.13318},
  
  url = {https://arxiv.org/abs/2006.13318},
  
  author = {Cai, Chen and Wang, Yusu},
  
  keywords = {Machine Learning (cs.LG), Machine Learning (stat.ML), FOS: Computer and information sciences, FOS: Computer and information sciences},
  
  title = {A Note on Over-Smoothing for Graph Neural Networks},
  
  publisher = {arXiv},
  
  year = {2020},
  
  copyright = {Creative Commons Attribution 4.0 International}
}

@misc{https://doi.org/10.48550/arxiv.1101.5211,
  doi = {10.48550/ARXIV.1101.5211},
  
  url = {https://arxiv.org/abs/1101.5211},
  
  author = {Douglas, B. L.},
  
  keywords = {Combinatorics (math.CO), FOS: Mathematics, FOS: Mathematics},
  
  title = {The Weisfeiler-Lehman Method and Graph Isomorphism Testing},
  
  publisher = {arXiv},
  
  year = {2011},
  
  copyright = {arXiv.org perpetual, non-exclusive license}
}

@misc{https://doi.org/10.48550/arxiv.1909.05310,
  doi = {10.48550/ARXIV.1909.05310},
  
  url = {https://arxiv.org/abs/1909.05310},
  
  author = {Danel, Tomasz and Spurek, Przemysław and Tabor, Jacek and Śmieja, Marek and Struski, Łukasz and Słowik, Agnieszka and Maziarka, Łukasz},
  
  keywords = {Machine Learning (cs.LG), Machine Learning (stat.ML), FOS: Computer and information sciences, FOS: Computer and information sciences},
  
  title = {Spatial Graph Convolutional Networks},
  
  publisher = {arXiv},
  
  year = {2019},
  
  copyright = {arXiv.org perpetual, non-exclusive license}
}

@misc{https://doi.org/10.48550/arxiv.0912.3848,
  doi = {10.48550/ARXIV.0912.3848},
  
  url = {https://arxiv.org/abs/0912.3848},
  
  author = {Hammond, David K and Vandergheynst, Pierre and Gribonval, Rémi},
  
  keywords = {Functional Analysis (math.FA), Information Theory (cs.IT), FOS: Mathematics, FOS: Mathematics, FOS: Computer and information sciences, FOS: Computer and information sciences, 42C40; 65T90},
  
  title = {Wavelets on Graphs via Spectral Graph Theory},
  
  publisher = {arXiv},
  
  year = {2009},
  
  copyright = {arXiv.org perpetual, non-exclusive license}
}

@misc{https://doi.org/10.48550/arxiv.2107.02392,
  doi = {10.48550/ARXIV.2107.02392},
  
  url = {https://arxiv.org/abs/2107.02392},
  
  author = {Zhou, Kaixiong and Huang, Xiao and Zha, Daochen and Chen, Rui and Li, Li and Choi, Soo-Hyun and Hu, Xia},
  
  keywords = {Machine Learning (cs.LG), FOS: Computer and information sciences, FOS: Computer and information sciences},
  
  title = {Dirichlet Energy Constrained Learning for Deep Graph Neural Networks},
  
  publisher = {arXiv},
  
  year = {2021},
  
  copyright = {Creative Commons Attribution Non Commercial Share Alike 4.0 International}
}

@misc{https://doi.org/10.48550/arxiv.1603.08861,
  doi = {10.48550/ARXIV.1603.08861},
  
  url = {https://arxiv.org/abs/1603.08861},
  
  author = {Yang, Zhilin and Cohen, William W. and Salakhutdinov, Ruslan},
  
  keywords = {Machine Learning (cs.LG), FOS: Computer and information sciences, FOS: Computer and information sciences},
  
  title = {Revisiting Semi-Supervised Learning with Graph Embeddings},
  
  publisher = {arXiv},
  
  year = {2016},
  
  copyright = {arXiv.org perpetual, non-exclusive license}
}

@misc{https://doi.org/10.48550/arxiv.2107.07432,
  doi = {10.48550/ARXIV.2107.07432},
  
  url = {https://arxiv.org/abs/2107.07432},
  
  author = {Rampášek, Ladislav and Wolf, Guy},
  
  keywords = {Machine Learning (cs.LG), Machine Learning (stat.ML), FOS: Computer and information sciences, FOS: Computer and information sciences},
  
  title = {Hierarchical graph neural nets can capture long-range interactions},
  
  publisher = {arXiv},
  
  year = {2021},
  
  copyright = {arXiv.org perpetual, non-exclusive license}
}
